%! Author = admin
%! Date = 07.12.2022

